@incollection {MR2328298,
    AUTHOR = {Hyland, Martin and Power, John},
     TITLE = {The category theoretic understanding of universal algebra:
              {L}awvere theories and monads},
 BOOKTITLE = {Computation, meaning, and logic: articles dedicated to
              {G}ordon {P}lotkin},
    SERIES = {Electron. Notes Theor. Comput. Sci.},
    VOLUME = {172},
     PAGES = {437--458},
 PUBLISHER = {Elsevier, Amsterdam},
      YEAR = {2007},
   MRCLASS = {08C05 (18B99)},
  MRNUMBER = {2328298},
       DOI = {10.1016/j.entcs.2007.02.019},
       URL = {http://dx.doi.org/10.1016/j.entcs.2007.02.019},
}

@unpublished {BUCKLEY,
    AUTHOR = {Buckley, M.},
     TITLE = {Lawvere Theories},
      YEAR = {2008},
      NOTE = {http://maths.mq.edu.au/\~street/MitchB.pdf}
}

@article {MR524181,
    AUTHOR = {Boardman, J. M. and Vogt, R. M.},
     TITLE = {Tensor products of theories, application to infinite loop
              spaces},
   JOURNAL = {J. Pure Appl. Algebra},
  FJOURNAL = {Journal of Pure and Applied Algebra},
    VOLUME = {14},
      YEAR = {1979},
    NUMBER = {2},
     PAGES = {117--129},
      ISSN = {0022-4049},
   MRCLASS = {55P47 (18C10)},
  MRNUMBER = {524181 (80f:55012)},
MRREVIEWER = {J. P. May},
       DOI = {10.1016/0022-4049(79)90001-X},
       URL = {http://dx.doi.org/10.1016/0022-4049(79)90001-X},
}

@article {HAL,
    AUTHOR = {Melli\`es, P.A. and Tabareau, N},
     TITLE = {Free models of $T$-algebraic theories computed as Kan 
             extensions},
   JOURNAL = {Hal},
  FJOURNAL = {Hal archives-ouvertes.fr},
    VOLUME = {14},
      YEAR = {2008},
    NUMBER = {hal-00339331},
       URL = {https://hal.archives-ouvertes.fr/hal-00339331/PDF/free-models.pdf},
}